@INPROCEEDINGS{2010:DDK:DCM,
  author = {L. Dixon and R. Duncan and A. Kissinger},
  title = {Open Graphs and Computational Reasoning},
  booktitle = {Proceedings of {DCM}'10},
  volume = {26},
  publisher = {EPTCS},
  year = {2010},
  pages = {169-180},
}

@book{Paulson:ML,
 author = {Paulson, L. C.},
 title = {ML for the working programmer (2nd ed.)},
 year = {1996},
 isbn = {0-521-56543-X},
 publisher = {Cambridge University Press},
 address = {New York, NY, USA},
 }


@incollection{GrovGMichG2007,
  volume = {8},
  pdf = {http://www.macs.hw.ac.uk/~greg/publications/gm.TFP07.pdf},
  author = {Gudmund Grov and Greg Michaelson},
  keywords = {Hume, Software Verification, Calculus},
  booktitle = {{T}rends in {F}unctional {P}rogramming},
  editor = {Marco T. Morazan},
  title = {{T}owards a {B}ox {C}alculus for {H}ierarchical {H}ume},
  publisher = {Intellect},
  pages = {71--88},
  year = {2007},
  bibsource = {http://www-fp.cs.st-andrews.ac.uk/hume/papers/bib.shtml?2007}
 }

@inproceedings{GrovGMichGI2007:IEEE,
  pdf = {http://www.macs.hw.ac.uk/~greg/publications/gmi.srmpds07.pdf},
  issn = {1521-9097},
  author = {Gudmund Grov and Greg Michaelson and Andrew Ireland},
  series = {IEEE Catalog Number},
  keywords = {Hume, TLA, Scheduling},
  booktitle = {3rd IEEE International Workshop on Scheduling and
 Resource Management for
    Parallel and Distributed Systems},
  title = {{F}ormal {V}erification of {C}oncurrent {S}cheduling
 {S}trategies using
    {TLA}},
  isbn = {978-1-4244-1890-9},
  publisher = {IEEE},
  year = {2007},
  bibsource = {http://www-fp.cs.st-andrews.ac.uk/hume/papers/bib.shtml?2007}
 }


@article{Abramsky20031,
title = "Physical Traces: Quantum vs. Classical Information Processing",
journal = "Electronic Notes in Theoretical Computer Science",
volume = "69",
number = "",
pages = "1 - 22",
year = "2003",
note = "CTCS'02, Category Theory and Computer Science",
issn = "1571-0661",
doi = "DOI: 10.1016/S1571-0661(04)80556-5",
url = "http://www.sciencedirect.com/science/article/B75H1-4DDWJDS-70/2/b13beef0300e09439947e2c6c3f032de",
author = "Samson Abramsky and Bob Coecke"
}

@inproceedings{paper74,
  title = "Abstract Physical Traces",
  author = "S. Abramsky and B. Coecke",
  year = "2005",
  booktitle = "Theory and Applications of Categories",
  pages = "111-124",
  volume = "14",
}

@INPROCEEDINGS{knuth-bendix,
  title={{Simple word problems in universal algebras}},
  author={Knuth, D. E. and Bendix, P. B.},
  booktitle={Computational Problems in Abstract Algebra},
  pages={263--297},
  year={1970},
  publisher={Pergamon Press}
}

% This file was created with JabRef 2.4.1.
% Encoding: UTF8
@article{danos2004formal,
  title={{Formal molecular biology}},
  author={Danos, V. and Laneve, C.},
  journal={Theoretical Computer Science},
  volume={325},
  number={1},
  pages={69--110},
  year={2004},
  publisher={Elsevier}
}

@article{milner2006pure,
  title={{Pure bigraphs: Structure and dynamics}},
  author={Milner, R.},
  journal={Information and computation},
  volume={204},
  number={1},
  pages={60--122},
  year={2006},
  publisher={Elsevier}
}


@INPROCEEDINGS{Abramsky:2004p20,
  author = {Samson Abramsky and Bob Coecke},
  title = {A categorical semantics of quantum protocols},
  booktitle = {Proceedings from LiCS},
  year = {2004},
  address = {arXiv:quant-ph/0402130v5},
  month = {Feb},
  abstract = {We study quantum information and computation from a novel point of
	view. Our approach is based on recasting the standard axiomatic presentation
	of quantum mechanics, due to von Neumann, at a more abstract level,
	of compact closed categories with biproducts. We show how the essential
	structures found in key quantum information protocols such as teleportation,
	logic-gate teleportation, and entanglement-swapping can be captured
	at this abstract level. Moreover, from the combination of the -apparently
	purely qualitative- structures of compact closure and biproducts
	there emerge `scalars` and a `Born rule'. This abstract and structural
	point of view opens up new possibilities for describing and reasoning
	about quantum systems. It also shows the degrees of axiomatic freedom:
	we can show what requirements are placed on the (semi)ring of scalars
	C(I,I), where C is the category and I is the tensor unit, in order
	to perform various protocols such as teleportation. Our formalism
	captures both the information-flow aspect of the protocols (see quant-ph/0402014),
	and the branching due to quantum indeterminism. This contrasts with
	the standard accounts, in which the classical information flows are
	`outside' the usual quantum-mechanical formalism.},
  annote = {Published in: Proceedings of the 19th IEEE conference on Logic in
	Computer Science (LiCS'04). IEEE Computer Science Press (2004)
	
	Significant additions and modifications as compared to the previous
	version (abstract inner-products, simplified presentation of abstract
	quantum mechanics). 21 pages, some pictures, some diagrams. 2007
	replacement: source had become incompatible with Paul taylor's latest
	update of his Diagrams package so update was needed},
  bdsk-file-1 = {YnBsaXN0MDDUAQIDBAUIJidUJHRvcFgkb2JqZWN0c1gkdmVyc2lvblkkYXJjaGl2ZXLRBgdUcm9vdIABqAkKFRYXGyIjVSRudWxs0wsMDQ4RFFpOUy5vYmplY3RzV05TLmtleXNWJGNsYXNzog8QgASABqISE4ACgAOAB1lhbGlhc0RhdGFccmVsYXRpdmVQYXRo0hgNGRpXTlMuZGF0YU8RAhIAAAAAAhIAAgAADE1hY2ludG9zaCBIRAAAAAAAAAAAAAAAAAAAAMNHOoZIKwAAADKz7x9BYnJhbXNreSAtIEEgY2F0ZWdvciMzMkJCRDAucGRmAAAAAAAAAAAAAAAAAAAAAAAAAAAAAAAAAAAAAAAAAAAAMrvQxGClGAAAAAAAAAAAAAQAAwAACSAAAAAAAAAAAAAAAAAAAAAGUGFwZXJzABAACAAAw0csdgAAABEACAAAxGCXCAAAAAEAEAAys+8AC/obAAv6BAAAeWcAAgBJTWFjaW50b3NoIEhEOlVzZXJzOmFsZWtzOkRvY3VtZW50czpQYXBlcnM6QWJyYW1za3kgLSBBIGNhdGVnb3IjMzJCQkQwLnBkZgAADgBuADYAQQBiAHIAYQBtAHMAawB5ACAALQAgAEEAIABjAGEAdABlAGcAbwByAGkAYwBhAGwAIABzAGUAbQBhAG4AdABpAGMAcwAgAG8AZgAgAHEAdQBhAG4AdAB1AG0AIAAyADAAMAA0AC4AcABkAGYADwAaAAwATQBhAGMAaQBuAHQAbwBzAGgAIABIAEQAEgBTVXNlcnMvYWxla3MvRG9jdW1lbnRzL1BhcGVycy9BYnJhbXNreSAtIEEgY2F0ZWdvcmljYWwgc2VtYW50aWNzIG9mIHF1YW50dW0gMjAwNC5wZGYAABMAAS8AABUAAgAM//8AAIAF0hwdHh9YJGNsYXNzZXNaJGNsYXNzbmFtZaMfICFdTlNNdXRhYmxlRGF0YVZOU0RhdGFYTlNPYmplY3RfEFMuLi8uLi8uLi8uLi9Eb2N1bWVudHMvUGFwZXJzL0FicmFtc2t5IC0gQSBjYXRlZ29yaWNhbCBzZW1hbnRpY3Mgb2YgcXVhbnR1bSAyMDA0LnBkZtIcHSQloiUhXE5TRGljdGlvbmFyeRIAAYagXxAPTlNLZXllZEFyY2hpdmVyAAgAEQAWAB8AKAAyADUAOgA8AEUASwBSAF0AZQBsAG8AcQBzAHYAeAB6AHwAhgCTAJgAoAK2ArgCvQLGAtEC1QLjAuoC8wNJA04DUQNeA2MAAAAAAAACAQAAAAAAAAAoAAAAAAAAAAAAAAAAAAADdQ==},
  bdsk-url-1 = {http://arxiv.org/abs/quant-ph/0402130v5},
  date-added = {2008-05-26 17:34:16 +0100},
  date-modified = {2009-04-20 04:28:15 +0100},
  eprint = {quant-ph/0402130v5},
  keywords = {quant-ph, cs.LO, math.CT, math-ph, math.MP},
  local-url = {file://localhost/Users/aleks/Documents/Papers/Abramsky%20-%20A%20categorical%20semantics%20of%20quantum%202004.pdf},
  pmid = {quant-ph/0402130v5},
  rating = {0},
  read = {Yes},
  uri = {papers://B74F91BD-4A60-43B9-93E9-29920B73998F/Paper/p20},
  url = {http://arxiv.org/abs/quant-ph/0402130v5}
}

@ARTICLE{Bennett:1993p677,
  author = {Charles H Bennett and Gilles Brassard and Claude Crepeau and Richard
	Jozsa},
  title = {Teleporting an unknown quantum state via dual classical and {EPR}
	channels},
  journal = {Phys. Rev. Lett},
  year = {1993},
  month = {Jan},
  bdsk-file-1 = {YnBsaXN0MDDUAQIDBAUIJidUJHRvcFgkb2JqZWN0c1gkdmVyc2lvblkkYXJjaGl2ZXLRBgdUcm9vdIABqAkKFRYXGyIjVSRudWxs0wsMDQ4RFFpOUy5vYmplY3RzV05TLmtleXNWJGNsYXNzog8QgASABqISE4ACgAOAB1lhbGlhc0RhdGFccmVsYXRpdmVQYXRo0hgNGRpXTlMuZGF0YU8RAhQAAAAAAhQAAgAADE1hY2ludG9zaCBIRAAAAAAAAAAAAAAAAAAAAMNHOoZIKwAAADKz7x9CZW5uZXR0IC0gVGVsZXBvcnRpbiM0MkFFNjUucGRmAAAAAAAAAAAAAAAAAAAAAAAAAAAAAAAAAAAAAAAAAAAAQq5lxOh5wAAAAAAAAAAAAAQAAwAACSAAAAAAAAAAAAAAAAAAAAAGUGFwZXJzABAACAAAw0csdgAAABEACAAAxOhrsAAAAAEAEAAys+8AC/obAAv6BAAAeWcAAgBJTWFjaW50b3NoIEhEOlVzZXJzOmFsZWtzOkRvY3VtZW50czpQYXBlcnM6QmVubmV0dCAtIFRlbGVwb3J0aW4jNDJBRTY1LnBkZgAADgBwADcAQgBlAG4AbgBlAHQAdAAgAC0AIABUAGUAbABlAHAAbwByAHQAaQBuAGcAIABhAG4AIAB1AG4AawBuAG8AdwBuACAAcQB1AGEAbgB0AHUAbQAgAHMAdABhAHQAZQAgADEAOQA5ADMALgBwAGQAZgAPABoADABNAGEAYwBpAG4AdABvAHMAaAAgAEgARAASAFRVc2Vycy9hbGVrcy9Eb2N1bWVudHMvUGFwZXJzL0Jlbm5ldHQgLSBUZWxlcG9ydGluZyBhbiB1bmtub3duIHF1YW50dW0gc3RhdGUgMTk5My5wZGYAEwABLwAAFQACAAz//wAAgAXSHB0eH1gkY2xhc3Nlc1okY2xhc3NuYW1lox8gIV1OU011dGFibGVEYXRhVk5TRGF0YVhOU09iamVjdF8QVC4uLy4uLy4uLy4uL0RvY3VtZW50cy9QYXBlcnMvQmVubmV0dCAtIFRlbGVwb3J0aW5nIGFuIHVua25vd24gcXVhbnR1bSBzdGF0ZSAxOTkzLnBkZtIcHSQloiUhXE5TRGljdGlvbmFyeRIAAYagXxAPTlNLZXllZEFyY2hpdmVyAAgAEQAWAB8AKAAyADUAOgA8AEUASwBSAF0AZQBsAG8AcQBzAHYAeAB6AHwAhgCTAJgAoAK4AroCvwLIAtMC1wLlAuwC9QNMA1EDVANhA2YAAAAAAAACAQAAAAAAAAAoAAAAAAAAAAAAAAAAAAADeA==},
  bdsk-url-1 = {http://physique.quantique.free.fr/CQ16.ps},
  date-added = {2008-09-06 18:17:54 +0100},
  date-modified = {2009-04-20 04:29:02 +0100},
  local-url = {file://localhost/Users/aleks/Documents/Papers/Bennett%20-%20Teleporting%20an%20unknown%20quantum%20state%201993.pdf},
  pmid = {17534075513637306257},
  rating = {0},
  read = {Yes},
  uri = {papers://B74F91BD-4A60-43B9-93E9-29920B73998F/Paper/p677},
  url = {http://physique.quantique.free.fr/CQ16.ps}
}

@ARTICLE{Coecke2006,
  author = {Bob Coecke},
  title = {Introducing categories to the practicing physicist},
  journal = {Advanced Studies in Mathematics and Logic},
  year = {2006},
  month = {Aug},
  pages = {45--74},
  volume = {30, arXiv:0808.1032v1 [quant-ph]},
  abstract = {It is our aim to convince the physicist, and more specific the quantum
	physicist and/or informatician, that category theory should become
	a part of their daily practice. The reason for this is not that category
	theory is a better way of doing mathematics, but that monoidal categories
	consti- tute the actual algebra of practicing physics. We will not
	provide rigorous definitions or anything resembling a coherent mathematical
	theory, but we will take the reader for a journey introducing concepts
	which are part of category theory in a manner that the physicist
	will recognize them.},
  bdsk-file-1 = {YnBsaXN0MDDUAQIDBAUIJidUJHRvcFgkb2JqZWN0c1gkdmVyc2lvblkkYXJjaGl2ZXLRBgdUcm9vdIABqAkKFRYXGyIjVSRudWxs0wsMDQ4RFFpOUy5vYmplY3RzV05TLmtleXNWJGNsYXNzog8QgASABqISE4ACgAOAB1lhbGlhc0RhdGFccmVsYXRpdmVQYXRo0hgNGRpXTlMuZGF0YU8RAh4AAAAAAh4AAgAADE1hY2ludG9zaCBIRAAAAAAAAAAAAAAAAAAAAMNHOoZIKwAAADKz7x9Db2Vja2UgLSBJbnRyb2R1Y2luZyMzMkI4OTUucGRmAAAAAAAAAAAAAAAAAAAAAAAAAAAAAAAAAAAAAAAAAAAAMriVwRS5SgAAAAAAAAAAAAQAAwAACSAAAAAAAAAAAAAAAAAAAAAGUGFwZXJzABAACAAAw0csdgAAABEACAAAwRSrOgAAAAEAEAAys+8AC/obAAv6BAAAeWcAAgBJTWFjaW50b3NoIEhEOlVzZXJzOmFsZWtzOkRvY3VtZW50czpQYXBlcnM6Q29lY2tlIC0gSW50cm9kdWNpbmcjMzJCODk1LnBkZgAADgB2ADoAQwBvAGUAYwBrAGUAIAAtACAASQBuAHQAcgBvAGQAdQBjAGkAbgBnACAAYwBhAHQAZQBnAG8AcgBpAGUAcwAgAHQAbwAgAHQAaABlACAAcAByAGEAYwB0AGkAYwBpAG4AZwAgADIAMAAwADYALgBwAGQAZgAPABoADABNAGEAYwBpAG4AdABvAHMAaAAgAEgARAASAFdVc2Vycy9hbGVrcy9Eb2N1bWVudHMvUGFwZXJzL0NvZWNrZSAtIEludHJvZHVjaW5nIGNhdGVnb3JpZXMgdG8gdGhlIHByYWN0aWNpbmcgMjAwNi5wZGYAABMAAS8AABUAAgAM//8AAIAF0hwdHh9YJGNsYXNzZXNaJGNsYXNzbmFtZaMfICFdTlNNdXRhYmxlRGF0YVZOU0RhdGFYTlNPYmplY3RfEFcuLi8uLi8uLi8uLi9Eb2N1bWVudHMvUGFwZXJzL0NvZWNrZSAtIEludHJvZHVjaW5nIGNhdGVnb3JpZXMgdG8gdGhlIHByYWN0aWNpbmcgMjAwNi5wZGbSHB0kJaIlIVxOU0RpY3Rpb25hcnkSAAGGoF8QD05TS2V5ZWRBcmNoaXZlcgAIABEAFgAfACgAMgA1ADoAPABFAEsAUgBdAGUAbABvAHEAcwB2AHgAegB8AIYAkwCYAKACwgLEAskC0gLdAuEC7wL2Av8DWQNeA2EDbgNzAAAAAAAAAgEAAAAAAAAAKAAAAAAAAAAAAAAAAAAAA4U=},
  date-added = {2008-05-26 16:42:37 +0100},
  date-modified = {2009-04-14 14:46:05 +0100},
  local-url = {file://localhost/Users/aleks/Documents/Papers/Coecke%20-%20Introducing%20categories%20to%20the%20practicing%202006.pdf},
  rating = {0},
  read = {Yes},
  uri = {papers://B74F91BD-4A60-43B9-93E9-29920B73998F/Paper/p12}
}

@MISC{Coecke:2005p18,
  author = {Bob Coecke},
  title = {Kindergarten Quantum Mechanics},
  howpublished = {arXiv:quant-ph/0510032v1},
  year = {2005},
  abstract = {These lecture notes survey some joint work with Samson Abramsky as
	it was presented by me at several conferences in the summer of 2005.
	It concerns `doing quantum mechanics using only pictures of lines,
	squares, triangles and diamonds'. This picture calculus can be seen
	as a very substantial extension of Dirac's notation, and has a purely
	algebraic counterpart in terms of so-called Strongly Compact Closed
	Categories (introduced by Abramsky and I in quant-ph/0402130 and
	[4]) which subsumes my Logic of Entanglement quant-ph/0402014. For
	a survey on the `what', the `why' and the `hows' I refer to a previous
	set of lecture notes quant-ph/0506132. In a last section we provide
	some pointers to the body of technical literature on the subject.},
  annote = {Lecture notes of invited talks at Quantum Information, Computation
	{\&} Logic (Perimeter Institute), QTRF-III (Vaxjo), {\&} Google (Silicon
	Valley) {\&} Kestrel Institute (Silicon Valley). Contains 68 pictures
	in collor (but ok to be printed in black and white), 18 pages. To
	appear in the Proceedings of QTRF-III (AIP proceedings)},
  bdsk-file-1 = {YnBsaXN0MDDUAQIDBAUIJidUJHRvcFgkb2JqZWN0c1gkdmVyc2lvblkkYXJjaGl2ZXLRBgdUcm9vdIABqAkKFRYXGyIjVSRudWxs0wsMDQ4RFFpOUy5vYmplY3RzV05TLmtleXNWJGNsYXNzog8QgASABqISE4ACgAOAB1lhbGlhc0RhdGFccmVsYXRpdmVQYXRo0hgNGRpXTlMuZGF0YU8RAgAAAAAAAgAAAgAADE1hY2ludG9zaCBIRAAAAAAAAAAAAAAAAAAAAMNHOoZIKwAAADKz7x9Db2Vja2UgLSBLaW5kZXJnYXJ0ZSMzMkJCQjQucGRmAAAAAAAAAAAAAAAAAAAAAAAAAAAAAAAAAAAAAAAAAAAAMru0xGCk4gAAAAAAAAAAAAQAAwAACSAAAAAAAAAAAAAAAAAAAAAGUGFwZXJzABAACAAAw0csdgAAABEACAAAxGCW0gAAAAEAEAAys+8AC/obAAv6BAAAeWcAAgBJTWFjaW50b3NoIEhEOlVzZXJzOmFsZWtzOkRvY3VtZW50czpQYXBlcnM6Q29lY2tlIC0gS2luZGVyZ2FydGUjMzJCQkI0LnBkZgAADgBiADAAQwBvAGUAYwBrAGUAIAAtACAASwBpAG4AZABlAHIAZwBhAHIAdABlAG4AIABRAHUAYQBuAHQAdQBtACAATQBlAGMAaABhAG4AaQBjAHMAIAAyADAAMAA1AC4AcABkAGYADwAaAAwATQBhAGMAaQBuAHQAbwBzAGgAIABIAEQAEgBNVXNlcnMvYWxla3MvRG9jdW1lbnRzL1BhcGVycy9Db2Vja2UgLSBLaW5kZXJnYXJ0ZW4gUXVhbnR1bSBNZWNoYW5pY3MgMjAwNS5wZGYAABMAAS8AABUAAgAM//8AAIAF0hwdHh9YJGNsYXNzZXNaJGNsYXNzbmFtZaMfICFdTlNNdXRhYmxlRGF0YVZOU0RhdGFYTlNPYmplY3RfEE0uLi8uLi8uLi8uLi9Eb2N1bWVudHMvUGFwZXJzL0NvZWNrZSAtIEtpbmRlcmdhcnRlbiBRdWFudHVtIE1lY2hhbmljcyAyMDA1LnBkZtIcHSQloiUhXE5TRGljdGlvbmFyeRIAAYagXxAPTlNLZXllZEFyY2hpdmVyAAgAEQAWAB8AKAAyADUAOgA8AEUASwBSAF0AZQBsAG8AcQBzAHYAeAB6AHwAhgCTAJgAoAKkAqYCqwK0Ar8CwwLRAtgC4QMxAzYDOQNGA0sAAAAAAAACAQAAAAAAAAAoAAAAAAAAAAAAAAAAAAADXQ==},
  bdsk-url-1 = {http://arxiv.org/abs/quant-ph/0510032v1},
  date-added = {2008-05-26 17:33:22 +0100},
  date-modified = {2009-04-22 16:03:12 +0100},
  eprint = {quant-ph/0510032v1},
  keywords = {math.CT, quant-ph},
  local-url = {file://localhost/Users/aleks/Documents/Papers/Coecke%20-%20Kindergarten%20Quantum%20Mechanics%202005.pdf},
  pmid = {quant-ph/0510032v1},
  rating = {0},
  read = {Yes},
  uri = {papers://B74F91BD-4A60-43B9-93E9-29920B73998F/Paper/p18},
  url = {http://arxiv.org/abs/quant-ph/0510032v1}
}

@MISC{CoeckeDuncan2009,
  author = {Bob Coecke and Ross Duncan},
  title = {Interacting Quantum Observables: Categorical Algebra and Diagrammatics},
  howpublished = {arXiv:0906.4725v1 [quant-ph]},
  year = {2009},
  url = {http://www.citebase.org/abstract?id=oai:arXiv.org:0906.4725}
}

@INPROCEEDINGS{Coecke2008,
  author = {Bob Coecke and Ross Duncan},
  title = {Interacting Quantum Observables},
  booktitle = {Proceedings from ICALP},
  year = {2008},
  pages = {298--310},
  month = {Mar},
  abstract = {We formalise the constructive content of an essential feature of quantum
	mechanics: the interaction of complementary quantum ob- servables.
	Axiomatic approaches to quantum mechanics have historically focused
	on the failure of various properties: non-commutative algebras, non-distributive
	lattices, etc. Our stance is a positive one: we characterise the
	flows of information between complementary observables. Using a general
	categorical formulation, we show that pairs of mutually unbiased
	quantum observables form bialgebra-like structures. We also provide
	an abstract account on the quantum data encoded in complex phases,
	and proof a normal form theorem for it. Together these enable us
	to describe all observables of Hilbert space quantum mechanics. The
	resulting equa- tions suffice to perform computations with elementary
	quantum gates, translate between distinct quantum computational models,
	establish the equivalence of entangled quantum states, and simulate
	quantum algo- rithms such as the quantum Fourier transform. All these
	computations moreover happen within an intuitive diagrammatic calculus.},
  affiliation = {Oxford University Computing Library},
  bdsk-file-1 = {YnBsaXN0MDDUAQIDBAUIJidUJHRvcFgkb2JqZWN0c1gkdmVyc2lvblkkYXJjaGl2ZXLRBgdUcm9vdIABqAkKFRYXGyIjVSRudWxs0wsMDQ4RFFpOUy5vYmplY3RzV05TLmtleXNWJGNsYXNzog8QgASABqISE4ACgAOAB1lhbGlhc0RhdGFccmVsYXRpdmVQYXRo0hgNGRpXTlMuZGF0YU8RAgIAAAAAAgIAAgAADE1hY2ludG9zaCBIRAAAAAAAAAAAAAAAAAAAAMNHOoZIKwAAADKz7x9Db2Vja2UgLSBJbnRlcmFjdGluZyMzMkI4OTIucGRmAAAAAAAAAAAAAAAAAAAAAAAAAAAAAAAAAAAAAAAAAAAAMriSxDkMUwAAAAAAAAAAAAQAAwAACSAAAAAAAAAAAAAAAAAAAAAGUGFwZXJzABAACAAAw0csdgAAABEACAAAxDj+QwAAAAEAEAAys+8AC/obAAv6BAAAeWcAAgBJTWFjaW50b3NoIEhEOlVzZXJzOmFsZWtzOkRvY3VtZW50czpQYXBlcnM6Q29lY2tlIC0gSW50ZXJhY3RpbmcjMzJCODkyLnBkZgAADgBkADEAQwBvAGUAYwBrAGUAIAAtACAASQBuAHQAZQByAGEAYwB0AGkAbgBnACAAUQB1AGEAbgB0AHUAbQAgAE8AYgBzAGUAcgB2AGEAYgBsAGUAcwAgADIAMAAwADgALgBwAGQAZgAPABoADABNAGEAYwBpAG4AdABvAHMAaAAgAEgARAASAE5Vc2Vycy9hbGVrcy9Eb2N1bWVudHMvUGFwZXJzL0NvZWNrZSAtIEludGVyYWN0aW5nIFF1YW50dW0gT2JzZXJ2YWJsZXMgMjAwOC5wZGYAEwABLwAAFQACAAz//wAAgAXSHB0eH1gkY2xhc3Nlc1okY2xhc3NuYW1lox8gIV1OU011dGFibGVEYXRhVk5TRGF0YVhOU09iamVjdF8QTi4uLy4uLy4uLy4uL0RvY3VtZW50cy9QYXBlcnMvQ29lY2tlIC0gSW50ZXJhY3RpbmcgUXVhbnR1bSBPYnNlcnZhYmxlcyAyMDA4LnBkZtIcHSQloiUhXE5TRGljdGlvbmFyeRIAAYagXxAPTlNLZXllZEFyY2hpdmVyAAgAEQAWAB8AKAAyADUAOgA8AEUASwBSAF0AZQBsAG8AcQBzAHYAeAB6AHwAhgCTAJgAoAKmAqgCrQK2AsECxQLTAtoC4wM0AzkDPANJA04AAAAAAAACAQAAAAAAAAAoAAAAAAAAAAAAAAAAAAADYA==},
  bdsk-url-1 = {http://dx.doi.org/10.1007/978-3-540-70583-3_25},
  date-added = {2008-05-26 16:42:35 +0100},
  date-modified = {2009-04-20 04:30:44 +0100},
  doi = {http://dx.doi.org/10.1007/978-3-540-70583-3_25},
  local-url = {file://localhost/Users/aleks/Documents/Papers/Coecke%20-%20Interacting%20Quantum%20Observables%202008.pdf},
  rating = {0},
  read = {Yes},
  uri = {papers://B74F91BD-4A60-43B9-93E9-29920B73998F/Paper/p6}
}

@TECHREPORT{Coecke:2009p1189,
  author = {Bob Coecke and Bill Edwards},
  title = {Three qubit entanglement analysed with graphical calculus},
  institution = {Oxford University Computing Laboratory},
  year = {2009},
  number = {PRG-RR-09-03},
  bdsk-url-1 = {web2.comlab.ox.ac.uk/oucl/publications/tr/rr-09-03.html},
  date-added = {2009-02-27 19:37:38 +0000},
  date-modified = {2009-04-20 04:22:02 +0100},
  rating = {0},
  uri = {papers://B74F91BD-4A60-43B9-93E9-29920B73998F/Paper/p1189},
  url = {web2.comlab.ox.ac.uk/oucl/publications/tr/rr-09-03.html}
}

@TECHREPORT{Edwards2009,
  author = {Bob Coecke and Bill Edwards and Rob Spekkens},
  title = {The Group Theoretic Origin of Non-Locality For Qubits},
  institution = {OUCL},
  year = {2009},
  number = {RR-09-04},
  abstract = {We describe a general framework in which we can precisely compare
	the structures of quantum-like theories which may initially be formulated
	in quite different mathematical terms. We then use this framework
	to compare two theories: quantum mechanics restricted to qubit stabiliser
	states and operations, and a toy theory proposed by Spekkens. We
	discover that viewed within our framework these theories are very
	similar, but differ in one key aspect - a four element group we term
	the phase group which emerges naturally within our framework. In
	the case of the stabiliser theory this group is Z4 while for Spekkens's
	theory the group is Z2 �Z2. We further show that the structure of
	this group is intimately involved in a key physical difference between
	the theories: whether or not they can be modelled by a local hidden
	variable theory. This is done by establishing a connection between
	the phase group, and an abstract notion of GHZ state correlations.
	We go on to formulate precisely how the stabiliser theory and toy
	theory are 'similar' by defining a notion of 'mutually unbiased qubit
	theory', noting that all such theories have four element phase groups.
	Since Z4 and Z2 �Z2 are the only such groups we conclude that the
	GHZ correlations in this type of theory can only take two forms,
	exactly those appearing in the stabiliser theory and those appearing
	in Spekkens's theory. The results point at a classification of local/non-local
	behaviours by finite Abelian groups, extending beyond qubits to any
	finitary theory whose observables are all mutually unbiased.},
  pages = {22}
}

@ARTICLE{CoeckePaquette2008,
  author = {Bob Coecke and Eric Oliver Paquette and Dusko Pavlovic},
  title = {Classical and quantum structuralism},
  journal = {Semantic Techniques for Quantum Computation},
  year = {2008},
  month = {Oct},
  pages = {43},
  affiliation = {Oxford University Computing Laboratory},
  bdsk-file-1 = {YnBsaXN0MDDUAQIDBAUIJidUJHRvcFgkb2JqZWN0c1gkdmVyc2lvblkkYXJjaGl2ZXLRBgdUcm9vdIABqAkKFRYXGyIjVSRudWxs0wsMDQ4RFFpOUy5vYmplY3RzV05TLmtleXNWJGNsYXNzog8QgASABqISE4ACgAOAB1lhbGlhc0RhdGFccmVsYXRpdmVQYXRo0hgNGRpXTlMuZGF0YU8RAg4AAAAAAg4AAgAADE1hY2ludG9zaCBIRAAAAAAAAAAAAAAAAAAAAMNHOoZIKwAAADKz7x9Db2Vja2UgLSBDbGFzc2ljYWwgYSM0M0I5NzMucGRmAAAAAAAAAAAAAAAAAAAAAAAAAAAAAAAAAAAAAAAAAAAAQ7lzxRLDkgAAAAAAAAAAAAQAAwAACSAAAAAAAAAAAAAAAAAAAAAGUGFwZXJzABAACAAAw0csdgAAABEACAAAxRK1ggAAAAEAEAAys+8AC/obAAv6BAAAeWcAAgBJTWFjaW50b3NoIEhEOlVzZXJzOmFsZWtzOkRvY3VtZW50czpQYXBlcnM6Q29lY2tlIC0gQ2xhc3NpY2FsIGEjNDNCOTczLnBkZgAADgBsADUAQwBvAGUAYwBrAGUAIAAtACAAQwBsAGEAcwBzAGkAYwBhAGwAIABhAG4AZAAgAHEAdQBhAG4AdAB1AG0AIABzAHQAcgB1AGMAdAB1AHIAYQBsAGkAcwBtACAAMgAwADAAOAAuAHAAZABmAA8AGgAMAE0AYQBjAGkAbgB0AG8AcwBoACAASABEABIAUlVzZXJzL2FsZWtzL0RvY3VtZW50cy9QYXBlcnMvQ29lY2tlIC0gQ2xhc3NpY2FsIGFuZCBxdWFudHVtIHN0cnVjdHVyYWxpc20gMjAwOC5wZGYAEwABLwAAFQACAAz//wAAgAXSHB0eH1gkY2xhc3Nlc1okY2xhc3NuYW1lox8gIV1OU011dGFibGVEYXRhVk5TRGF0YVhOU09iamVjdF8QUi4uLy4uLy4uLy4uL0RvY3VtZW50cy9QYXBlcnMvQ29lY2tlIC0gQ2xhc3NpY2FsIGFuZCBxdWFudHVtIHN0cnVjdHVyYWxpc20gMjAwOC5wZGbSHB0kJaIlIVxOU0RpY3Rpb25hcnkSAAGGoF8QD05TS2V5ZWRBcmNoaXZlcgAIABEAFgAfACgAMgA1ADoAPABFAEsAUgBdAGUAbABvAHEAcwB2AHgAegB8AIYAkwCYAKACsgK0ArkCwgLNAtEC3wLmAu8DRANJA0wDWQNeAAAAAAAAAgEAAAAAAAAAKAAAAAAAAAAAAAAAAAAAA3A=},
  date-added = {2008-10-08 20:07:55 +0100},
  date-modified = {2009-04-14 14:27:05 +0100},
  local-url = {file://localhost/Users/aleks/Documents/Papers/Coecke%20-%20Classical%20and%20quantum%20structuralism%202008.pdf},
  rating = {0},
  read = {Yes},
  uri = {papers://B74F91BD-4A60-43B9-93E9-29920B73998F/Paper/p683}
}

@MISC{Coecke:2008p681,
  author = {Bob Coecke and Eric Oliver Paquette and Simon Perdrix},
  title = {Bases in diagrammatic quantum protocols},
  howpublished = {arXiv:0808.1029v1 [quant-ph]},
  month = {Aug},
  year = {2008},
  abstract = { This paper contains two new results: 1. We amend the notion of abstract
	basis in a dagger symmetric monoidal category, as well as its corresponding
	graphical representation, in order to accommodate non-self-dual dagger
	compact structures; this is crucial for obtaining a `planar' diagrammatical
	representation of the induced dagger compact structure as well as
	for representing many complementary bases within one diagrammatic
	calculus. 2. We (crucially) rely on these basis structures in a purely
	diagrammatic derivation of the `quantum state transfer protocol';
	this derivation provides interesting insights in the distinct structural
	resources required for state-transfer and teleportation as models
	of quantum computing. },
  annote = {21 pages and loads of pictures. Proceedings of Mathematical Foundations
	of Programming Semantics XXIV, Electronic Notes in theoretical Computer
	Science, to appear},
  bdsk-file-1 = {YnBsaXN0MDDUAQIDBAUIJidUJHRvcFgkb2JqZWN0c1gkdmVyc2lvblkkYXJjaGl2ZXLRBgdUcm9vdIABqAkKFRYXGyIjVSRudWxs0wsMDQ4RFFpOUy5vYmplY3RzV05TLmtleXNWJGNsYXNzog8QgASABqISE4ACgAOAB1lhbGlhc0RhdGFccmVsYXRpdmVQYXRo0hgNGRpXTlMuZGF0YU8RAhoAAAAAAhoAAgAADE1hY2ludG9zaCBIRAAAAAAAAAAAAAAAAAAAAMNHOoZIKwAAADKz7x9Db2Vja2UgLSBCYXNlcyBpbiBkaSM0M0I5M0QucGRmAAAAAAAAAAAAAAAAAAAAAAAAAAAAAAAAAAAAAAAAAAAAQ7k9xRLDYwAAAAAAAAAAAAQAAwAACSAAAAAAAAAAAAAAAAAAAAAGUGFwZXJzABAACAAAw0csdgAAABEACAAAxRK1UwAAAAEAEAAys+8AC/obAAv6BAAAeWcAAgBJTWFjaW50b3NoIEhEOlVzZXJzOmFsZWtzOkRvY3VtZW50czpQYXBlcnM6Q29lY2tlIC0gQmFzZXMgaW4gZGkjNDNCOTNELnBkZgAADgB0ADkAQwBvAGUAYwBrAGUAIAAtACAAQgBhAHMAZQBzACAAaQBuACAAZABpAGEAZwByAGEAbQBtAGEAdABpAGMAIABxAHUAYQBuAHQAdQBtACAAcAByAG8AdABvAGMAbwBsAHMAIAAyADAAMAA4AC4AcABkAGYADwAaAAwATQBhAGMAaQBuAHQAbwBzAGgAIABIAEQAEgBWVXNlcnMvYWxla3MvRG9jdW1lbnRzL1BhcGVycy9Db2Vja2UgLSBCYXNlcyBpbiBkaWFncmFtbWF0aWMgcXVhbnR1bSBwcm90b2NvbHMgMjAwOC5wZGYAEwABLwAAFQACAAz//wAAgAXSHB0eH1gkY2xhc3Nlc1okY2xhc3NuYW1lox8gIV1OU011dGFibGVEYXRhVk5TRGF0YVhOU09iamVjdF8QVi4uLy4uLy4uLy4uL0RvY3VtZW50cy9QYXBlcnMvQ29lY2tlIC0gQmFzZXMgaW4gZGlhZ3JhbW1hdGljIHF1YW50dW0gcHJvdG9jb2xzIDIwMDgucGRm0hwdJCWiJSFcTlNEaWN0aW9uYXJ5EgABhqBfEA9OU0tleWVkQXJjaGl2ZXIACAARABYAHwAoADIANQA6ADwARQBLAFIAXQBlAGwAbwBxAHMAdgB4AHoAfACGAJMAmACgAr4CwALFAs4C2QLdAusC8gL7A1QDWQNcA2kDbgAAAAAAAAIBAAAAAAAAACgAAAAAAAAAAAAAAAAAAAOA},
  bdsk-url-1 = {http://arxiv.org/abs/0808.1029v1},
  date-added = {2008-10-08 20:06:59 +0100},
  date-modified = {2009-04-22 16:04:32 +0100},
  eprint = {0808.1029v1},
  keywords = {math.QA, quant-ph, math.CT},
  local-url = {file://localhost/Users/aleks/Documents/Papers/Coecke%20-%20Bases%20in%20diagrammatic%20quantum%20protocols%202008.pdf},
  pmid = {0808.1029v1},
  rating = {0},
  read = {Yes},
  uri = {papers://B74F91BD-4A60-43B9-93E9-29920B73998F/Paper/p681},
  url = {http://arxiv.org/abs/0808.1029v1}
}


@article{DCM:DixDunKis:2010,
  author = {Lucas Dixon, Ross Duncan, Aleks Kissinger},
  title = {Open Graphs and Computational Reasoning},
  journal = {DCM-2010},
  year = {2010},
  publisher = {EPTCS},
}


@ARTICLE{DixonDuncan2008,
  author = {Lucas Dixon and Ross Duncan},
  title = {Extending Graphical Representations for Compact Closed Categories
	with Applications to Symbolic Quantum Computation},
  journal = {AISC/MKM/Calculemus},
  year = {2008},
  month = {Jun},
  pages = {77--92},
  bdsk-url-1 = {http://dx.doi.org/10.1007/978-3-540-85110-3_8},
  date-added = {2008-08-28 13:30:38 +0100},
  date-modified = {2009-04-14 14:48:28 +0100},
  doi = {http://dx.doi.org/10.1007/978-3-540-85110-3_8},
  local-url = {file://localhost/Users/aleks/Documents/Papers/Dixon%20-%20Extending%20Graphical%20Representations%20for%20Compact%202008.pdf},
  rating = {0},
  read = {Yes},
  uri = {papers://B74F91BD-4A60-43B9-93E9-29920B73998F/Paper/p563}
}

@ARTICLE{2009:DixonDuncan:AMAI,
  author = {L. Dixon and R. Duncan},
  title = {Graphical Reasoning in Compact Closed Categories for Quantum Computation},
  journal = {AMAI},
  volume = {56},
  number = {1},
  pages = {20},
  publisher = {Springer},
  year = {2009},
  url = {http://www.springerlink.com/content/101739/?Content+Status=Accepted}
}


@article{selinger2009survey,
  title={{A survey of graphical languages for monoidal categories}},
  author={Selinger, P.},
  journal={New Structures for Physics},
  pages={275--337},
  year={2009}
}

@book{Ehrig:Book:2006,
	author = {Ehrig, H.  and Ehrig, K.  and Prange, U.  and Taentzer, G. },
	citeulike-article-id = {2075624},
	howpublished = {Hardcover},
	isbn = {3540311874},
	keywords = {graph, thesisdlobo},
	posted-at = {2008-10-08 09:59:24},
	priority = {2},
	publisher = {Springer},
	title = {Fundamentals of Algebraic Graph Transformation (Monographs in Theoretical Computer Science. EATCS Series)},
	url = {http://www.amazon.ca/exec/obidos/redirect?tag=citeulike09-20\&amp;path=ASIN/3540311874},
	year = {2006}
}


@ARTICLE{Dur:2000p1184,
  author = {Wolfgang D{\"u}r and Guifre Vidal and J Ignacio Cirac},
  title = {Three qubits can be entangled in two inequivalent ways},
  journal = {Phys. Rev. A},
  year = {2000},
  number = {6},
  month = {Nov},
  volume = {62},
  bdsk-file-1 = {YnBsaXN0MDDUAQIDBAUIJidUJHRvcFgkb2JqZWN0c1gkdmVyc2lvblkkYXJjaGl2ZXLRBgdUcm9vdIABqAkKFRYXGyIjVSRudWxs0wsMDQ4RFFpOUy5vYmplY3RzV05TLmtleXNWJGNsYXNzog8QgASABqISE4ACgAOAB1lhbGlhc0RhdGFccmVsYXRpdmVQYXRo0hgNGRpXTlMuZGF0YU8RAfgAAAAAAfgAAgAADE1hY2ludG9zaCBIRAAAAAAAAAAAAAAAAAAAAMNHOoZIKwAAADKz7x9En3IgLSBUaHJlZSBxdWJpdHMgYyM1MUNGNDQucGRmAAAAAAAAAAAAAAAAAAAAAAAAAAAAAAAAAAAAAAAAAAAAUc9ExcsHWgAAAAAAAAAAAAQAAwAACSAAAAAAAAAAAAAAAAAAAAAGUGFwZXJzABAACAAAw0csdgAAABEACAAAxcsHWgAAAAEAEAAys+8AC/obAAv6BAAAeWcAAgBJTWFjaW50b3NoIEhEOlVzZXJzOmFsZWtzOkRvY3VtZW50czpQYXBlcnM6RJ9yIC0gVGhyZWUgcXViaXRzIGMjNTFDRjQ0LnBkZgAADgBcAC0ARAB1AwgAcgAgAC0AIABUAGgAcgBlAGUAIABxAHUAYgBpAHQAcwAgAGMAYQBuACAAYgBlACAAZQBuAHQAYQBuAGcAbABlAGQAIAAyADAAMAAwAC4AcABkAGYADwAaAAwATQBhAGMAaQBuAHQAbwBzAGgAIABIAEQAEgBLVXNlcnMvYWxla3MvRG9jdW1lbnRzL1BhcGVycy9EdcyIciAtIFRocmVlIHF1Yml0cyBjYW4gYmUgZW50YW5nbGVkIDIwMDAucGRmAAATAAEvAAAVAAIADP//AACABdIcHR4fWCRjbGFzc2VzWiRjbGFzc25hbWWjHyAhXU5TTXV0YWJsZURhdGFWTlNEYXRhWE5TT2JqZWN0bxBKAC4ALgAvAC4ALgAvAC4ALgAvAC4ALgAvAEQAbwBjAHUAbQBlAG4AdABzAC8AUABhAHAAZQByAHMALwBEAHUDCAByACAALQAgAFQAaAByAGUAZQAgAHEAdQBiAGkAdABzACAAYwBhAG4AIABiAGUAIABlAG4AdABhAG4AZwBsAGUAZAAgADIAMAAwADAALgBwAGQAZtIcHSQloiUhXE5TRGljdGlvbmFyeRIAAYagXxAPTlNLZXllZEFyY2hpdmVyAAgAEQAWAB8AKAAyADUAOgA8AEUASwBSAF0AZQBsAG8AcQBzAHYAeAB6AHwAhgCTAJgAoAKcAp4CowKsArcCuwLJAtAC2QNwA3UDeAOFA4oAAAAAAAACAQAAAAAAAAAoAAAAAAAAAAAAAAAAAAADnA==},
  bdsk-url-1 = {http://prola.aps.org/abstract/PRA/v62/i6/e062314},
  bdsk-url-2 = {http://dx.doi.org/10.1103/PhysRevA.62.062314},
  date-added = {2009-02-25 14:34:02 +0000},
  date-modified = {2009-04-15 19:44:50 +0100},
  doi = {10.1103/PhysRevA.62.062314},
  local-url = {file://localhost/Users/aleks/Documents/Papers/D%C3%BCr%20-%20Three%20qubits%20can%20be%20entangled%202000.pdf},
  rating = {0},
  read = {Yes},
  uri = {papers://B74F91BD-4A60-43B9-93E9-29920B73998F/Paper/p1184},
  url = {http://prola.aps.org/abstract/PRA/v62/i6/e062314}
}



@article{Baldan-gts,
 author = {Baldan, P. and Corradini, A. and K\"{o}nig, B.},
 title = {Unfolding Graph Transformation Systems: Theory and Applications to Verification},
 book = {Concurrency, Graphs and Models: Essays Dedicated to Ugo Montanari on the Occasion of His 65th Birthday},
 year = {2008},
 isbn = {978-3-540-68676-7},
 pages = {16--36},
 doi = {http://dx.doi.org/10.1007/978-3-540-68679-8_3},
 publisher = {Springer-Verlag},
 address = {Berlin, Heidelberg},
 }



@MISC{Lafont09diagramrewriting,
    author = {Y. Lafont},
    title = { Diagram rewriting and operads },
    note = {In Lecture Notes from the Thematic school : Operads CIRM,
                  Luminy (Marseille), 20-25 April 2009},
year = {2010} 
}

@inproceedings{Lafont08,
 author = {Lafont, Y. and Rannou, P.},
 title = {Diagram Rewriting for Orthogonal Matrices: A Study of Critical Peaks},
 booktitle = {RTA'08},
 year = {2008},
 isbn = {978-3-540-70588-8},
 pages = {232--245},
 location = {Hagenburg, Austria},
 doi = {http://dx.doi.org/10.1007/978-3-540-70590-1_16},
 publisher = {Springer-Verlag},
 address = {Berlin, Heidelberg},
 }

@inproceedings{Lafont1990,
 author = {Lafont, Y.},
 title = {Interaction nets},
 booktitle = {POPL '90: Proceedings of the 17th ACM SIGPLAN-SIGACT symposium on Principles of programming languages},
 year = {1990},
 isbn = {0-89791-343-4},
 pages = {95--108},
 location = {San Francisco, California, United States},
 doi = {http://doi.acm.org/10.1145/96709.96718},
 publisher = {ACM},
 address = {New York, NY, USA},
 }

@inproceedings{Coecke:2008jo,
	Author = {Coecke, B. and Duncan, R.},
	Title = {Interacting Quantum Observables},
	Booktitle = {ICALP 2008},
	Publisher = {LNCS},
	Year = {2008}
}


@BOOK{Hannabuss1997,
  title = {An Introduction to Quantum Theory},
  publisher = {Oxford University Press},
  year = {1997},
  author = {Keith Hannabuss},
  month = {Jan},
  abstract = {This book provides an introduction to quantum theory, primarily for
	mathematics students.},
  bdsk-url-1 = {http://books.google.com/books?id=4v2FLAcBD1IC&printsec=frontcover},
  date-added = {2009-04-14 16:53:30 +0100},
  date-modified = {2009-04-20 10:46:56 +0100},
  keywords = {Science},
  pmid = {4v2FLAcBD1IC},
  rating = {0},
  uri = {papers://B74F91BD-4A60-43B9-93E9-29920B73998F/Paper/p1693},
  url = {http://books.google.com/books?id=4v2FLAcBD1IC&printsec=frontcover}
}

@ARTICLE{Joyal:1991p1143,
  author = {Andre Joyal and Ross Street},
  title = {The geometry of tensor calculus {I}},
  journal = {Advances in Mathematics},
  year = {1991},
  pages = {55--113},
  volume = {88},
  date-added = {2009-02-18 00:18:25 +0000},
  date-modified = {2009-04-14 14:27:05 +0100},
  rating = {0},
  uri = {papers://B74F91BD-4A60-43B9-93E9-29920B73998F/Paper/p1143}
}

@ARTICLE{KellyLaplaza1980,
  author = {Max Kelly and Miguel L Laplaza},
  title = {Coherence for Compact Closed Categories},
  journal = {Journal of Pure and Applied Algebra},
  year = {1980},
  pages = {193--213},
  volume = {19},
  bdsk-url-1 = {http://www.google.com/search?client=safari&rls=en-us&q=Coherence+for+Compact+Closed+Categories&ie=UTF-8&oe=UTF-8},
  date-added = {2008-08-21 13:33:56 +0100},
  date-modified = {2009-04-14 14:27:04 +0100},
  keywords = {bibtex-import},
  rating = {0},
  read = {Yes},
  uri = {papers://B74F91BD-4A60-43B9-93E9-29920B73998F/Paper/p538},
  url = {http://www.google.com/search?client=safari&rls=en-us&q=Coherence+for+Compact+Closed+Categories&ie=UTF-8&oe=UTF-8}
}

@MASTERSTHESIS{Kissinger:2008p1186,
  author = {Aleks Kissinger},
  title = {Graph Rewrite Systems for Classical Structures in dagger-Symmetric
	Monoidal Categories},
  school = {Oxford University},
  year = {2008},
  month = {Feb},
  date-added = {2009-02-25 18:30:55 +0000},
  date-modified = {2009-04-20 04:18:14 +0100},
  local-url = {file://localhost/Users/aleks/Documents/Papers/Kissinger%20-%20Graph%20Rewrite%20Systems%20for%20%0AClassical%202008.pdf},
  pages = {1--54},
  rating = {0},
  read = {Yes},
  uri = {papers://B74F91BD-4A60-43B9-93E9-29920B73998F/Paper/p1186}
}

@ARTICLE{Lack:2004p1160,
  author = {Stephen Lack},
  title = {Composing PROPs},
  journal = {Theory and Applications of Categories},
  year = {2004},
  number = {9},
  pages = {147--163},
  volume = {13},
  bdsk-file-1 = {YnBsaXN0MDDUAQIDBAUIJidUJHRvcFgkb2JqZWN0c1gkdmVyc2lvblkkYXJjaGl2ZXLRBgdUcm9vdIABqAkKFRYXGyIjVSRudWxs0wsMDQ4RFFpOUy5vYmplY3RzV05TLmtleXNWJGNsYXNzog8QgASABqISE4ACgAOAB1lhbGlhc0RhdGFccmVsYXRpdmVQYXRo0hgNGRpXTlMuZGF0YU8RAdIAAAAAAdIAAgAADE1hY2ludG9zaCBIRAAAAAAAAAAAAAAAAAAAAMNHOoZIKwAAADKz7x9MYWNrIC0gQ29tcG9zaW5nIFBSTyM1MUM0QTYucGRmAAAAAAAAAAAAAAAAAAAAAAAAAAAAAAAAAAAAAAAAAAAAUcSmxcrxNwAAAAAAAAAAAAQAAwAACSAAAAAAAAAAAAAAAAAAAAAGUGFwZXJzABAACAAAw0csdgAAABEACAAAxcrxNwAAAAEAEAAys+8AC/obAAv6BAAAeWcAAgBJTWFjaW50b3NoIEhEOlVzZXJzOmFsZWtzOkRvY3VtZW50czpQYXBlcnM6TGFjayAtIENvbXBvc2luZyBQUk8jNTFDNEE2LnBkZgAADgBEACEATABhAGMAawAgAC0AIABDAG8AbQBwAG8AcwBpAG4AZwAgAFAAUgBPAFAAcwAgADIAMAAwADQALQAxAC4AcABkAGYADwAaAAwATQBhAGMAaQBuAHQAbwBzAGgAIABIAEQAEgA+VXNlcnMvYWxla3MvRG9jdW1lbnRzL1BhcGVycy9MYWNrIC0gQ29tcG9zaW5nIFBST1BzIDIwMDQtMS5wZGYAEwABLwAAFQACAAz//wAAgAXSHB0eH1gkY2xhc3Nlc1okY2xhc3NuYW1lox8gIV1OU011dGFibGVEYXRhVk5TRGF0YVhOU09iamVjdF8QPi4uLy4uLy4uLy4uL0RvY3VtZW50cy9QYXBlcnMvTGFjayAtIENvbXBvc2luZyBQUk9QcyAyMDA0LTEucGRm0hwdJCWiJSFcTlNEaWN0aW9uYXJ5EgABhqBfEA9OU0tleWVkQXJjaGl2ZXIACAARABYAHwAoADIANQA6ADwARQBLAFIAXQBlAGwAbwBxAHMAdgB4AHoAfACGAJMAmACgAnYCeAJ9AoYCkQKVAqMCqgKzAvQC+QL8AwkDDgAAAAAAAAIBAAAAAAAAACgAAAAAAAAAAAAAAAAAAAMg},
  date-added = {2009-02-25 12:59:35 +0000},
  date-modified = {2009-04-14 14:27:05 +0100},
  local-url = {file://localhost/Users/aleks/Documents/Papers/Lack%20-%20Composing%20PROPs%202004-1.pdf},
  pmid = {10997717646542342983related:R4szXu69n5gJ},
  rating = {0},
  uri = {papers://B74F91BD-4A60-43B9-93E9-29920B73998F/Paper/p1160}
}

@BOOK{VonNeumann:1996p1745,
  title = {Mathematical foundations of quantum mechanics},
  publisher = {Princeton University Press},
  year = {1996},
  author = {John Von Neumann and Robert Thomas Beyer},
  abstract = {Regarded as a tour de force at the time of publication, this book
	is still indispensable for those interested in the fundamental issues
	of quantum mechanics.},
  bdsk-url-1 = {http://books.google.com/books?id=JLyCo3RO4qUC&printsec=frontcover},
  date-added = {2009-04-16 13:53:08 +0100},
  date-modified = {2009-04-20 04:21:05 +0100},
  keywords = {Science},
  pmid = {JLyCo3RO4qUC},
  rating = {0},
  uri = {papers://B74F91BD-4A60-43B9-93E9-29920B73998F/Paper/p1745},
  url = {http://books.google.com/books?id=JLyCo3RO4qUC&printsec=frontcover}
}

@UNPUBLISHED{OMadadhain:2009p1191,
  author = {Joshua O'Madadhain and Danyel Fisher and Tom Nelson},
  title = {{JUNG}: Java Universal Network/Graph Framework},
  note = {http://jung.sourceforge.net},
  bdsk-url-1 = {http://jung.sourceforge.net},
  date-added = {2009-03-02 00:14:34 +0000},
  date-modified = {2009-04-20 04:35:38 +0100},
  rating = {0},
  uri = {papers://B74F91BD-4A60-43B9-93E9-29920B73998F/Paper/p1191},
  url = {http://jung.sourceforge.net}
}

@PHDTHESIS{Paquette:2008p1145,
  author = {Eric Oliver Paquette},
  title = {Categorical quantum computation},
  school = {Universit{\'e} de Montr{\'e}al},
  year = {2008},
  month = {Feb},
  bdsk-file-1 = {YnBsaXN0MDDUAQIDBAUIJidUJHRvcFgkb2JqZWN0c1gkdmVyc2lvblkkYXJjaGl2ZXLRBgdUcm9vdIABqAkKFRYXGyIjVSRudWxs0wsMDQ4RFFpOUy5vYmplY3RzV05TLmtleXNWJGNsYXNzog8QgASABqISE4ACgAOAB1lhbGlhc0RhdGFccmVsYXRpdmVQYXRo0hgNGRpXTlMuZGF0YU8RAggAAAAAAggAAgAADE1hY2ludG9zaCBIRAAAAAAAAAAAAAAAAAAAAMNHOoZIKwAAADKz7x9QYXF1ZXR0ZSAtIENhdGVnb3JpYyM1MUEyRUIucGRmAAAAAAAAAAAAAAAAAAAAAAAAAAAAAAAAAAAAAAAAAAAAUaLrxcoNsgAAAAAAAAAAAAQAAwAACSAAAAAAAAAAAAAAAAAAAAAGUGFwZXJzABAACAAAw0csdgAAABEACAAAxcoNsgAAAAEAEAAys+8AC/obAAv6BAAAeWcAAgBJTWFjaW50b3NoIEhEOlVzZXJzOmFsZWtzOkRvY3VtZW50czpQYXBlcnM6UGFxdWV0dGUgLSBDYXRlZ29yaWMjNTFBMkVCLnBkZgAADgBoADMAUABhAHEAdQBlAHQAdABlACAALQAgAEMAYQB0AGUAZwBvAHIAaQBjAGEAbAAgAHEAdQBhAG4AdAB1AG0AIABjAG8AbQBwAHUAdABhAHQAaQBvAG4AIAAyADAAMAA4AC4AcABkAGYADwAaAAwATQBhAGMAaQBuAHQAbwBzAGgAIABIAEQAEgBQVXNlcnMvYWxla3MvRG9jdW1lbnRzL1BhcGVycy9QYXF1ZXR0ZSAtIENhdGVnb3JpY2FsIHF1YW50dW0gY29tcHV0YXRpb24gMjAwOC5wZGYAEwABLwAAFQACAAz//wAAgAXSHB0eH1gkY2xhc3Nlc1okY2xhc3NuYW1lox8gIV1OU011dGFibGVEYXRhVk5TRGF0YVhOU09iamVjdF8QUC4uLy4uLy4uLy4uL0RvY3VtZW50cy9QYXBlcnMvUGFxdWV0dGUgLSBDYXRlZ29yaWNhbCBxdWFudHVtIGNvbXB1dGF0aW9uIDIwMDgucGRm0hwdJCWiJSFcTlNEaWN0aW9uYXJ5EgABhqBfEA9OU0tleWVkQXJjaGl2ZXIACAARABYAHwAoADIANQA6ADwARQBLAFIAXQBlAGwAbwBxAHMAdgB4AHoAfACGAJMAmACgAqwCrgKzArwCxwLLAtkC4ALpAzwDQQNEA1EDVgAAAAAAAAIBAAAAAAAAACgAAAAAAAAAAAAAAAAAAANo},
  date-added = {2009-02-24 20:49:05 +0000},
  date-modified = {2009-04-20 04:16:53 +0100},
  local-url = {file://localhost/Users/aleks/Documents/Papers/Paquette%20-%20Categorical%20quantum%20computation%202008.pdf},
  rating = {0},
  read = {Yes},
  uri = {papers://B74F91BD-4A60-43B9-93E9-29920B73998F/Paper/p1145}
}

@MISC{WolframResearch:2007p1758,
  author = {Wolfram Research},
  title = {Mathematica},
  year = {2007},
  date-added = {2009-04-16 19:33:29 +0100},
  date-modified = {2009-04-20 04:20:29 +0100},
  rating = {0},
  uri = {papers://B74F91BD-4A60-43B9-93E9-29920B73998F/Paper/p1758},
  volume = {Version 6.0}
}

@article{Lafont2003,
title = "Towards an algebraic theory of Boolean circuits",
journal = "Journal of Pure and Applied Algebra",
volume = "184",
number = "2-3",
pages = "257 - 310",
year = "2003",
note = "",
issn = "0022-4049",
doi = "DOI: 10.1016/S0022-4049(03)00069-0",
url = "http://www.sciencedirect.com/science/article/B6V0K-48WB912-1/2/190fc3c3aa4483249aa5085adbcd0d47",
author = "Y. Lafont"
}

@INPROCEEDINGS{Girard:proof-nets:96,
    author = { J.-Y. Girard},
    title = {Proof-nets: The parallel syntax for proof-theory},
    booktitle = {Logic and Algebra},
    year = {1996},
    pages = {97--124},
    publisher = {Marcel Dekker}
}

@ARTICLE{Selinger:2007p13,
  author = {Peter Selinger},
  title = {Dagger Compact Closed Categories and Completely Positive Maps (Extended
	Abstract)},
  journal = {Electronic Notes in Theoretical Computer Science},
  year = {2007},
  pages = {139--163},
  volume = {170},
  bdsk-file-1 = {YnBsaXN0MDDUAQIDBAUIJidUJHRvcFgkb2JqZWN0c1gkdmVyc2lvblkkYXJjaGl2ZXLRBgdUcm9vdIABqAkKFRYXGyIjVSRudWxs0wsMDQ4RFFpOUy5vYmplY3RzV05TLmtleXNWJGNsYXNzog8QgASABqISE4ACgAOAB1lhbGlhc0RhdGFccmVsYXRpdmVQYXRo0hgNGRpXTlMuZGF0YU8RAhgAAAAAAhgAAgAADE1hY2ludG9zaCBIRAAAAAAAAAAAAAAAAAAAAMNHOoZIKwAAADKz7x9TZWxpbmdlciAtIERhZ2dlciBDbyMzMkI4OTAucGRmAAAAAAAAAAAAAAAAAAAAAAAAAAAAAAAAAAAAAAAAAAAAMriQwZq65QAAAAAAAAAAAAQAAwAACSAAAAAAAAAAAAAAAAAAAAAGUGFwZXJzABAACAAAw0csdgAAABEACAAAwZq65QAAAAEAEAAys+8AC/obAAv6BAAAeWcAAgBJTWFjaW50b3NoIEhEOlVzZXJzOmFsZWtzOkRvY3VtZW50czpQYXBlcnM6U2VsaW5nZXIgLSBEYWdnZXIgQ28jMzJCODkwLnBkZgAADgByADgAUwBlAGwAaQBuAGcAZQByACAALQAgAEQAYQBnAGcAZQByACAAQwBvAG0AcABhAGMAdAAgAEMAbABvAHMAZQBkACAAQwBhAHQAZQBnAG8AcgBpAGUAcwAgAGEAbgBkACAAMgAwADAANwAuAHAAZABmAA8AGgAMAE0AYQBjAGkAbgB0AG8AcwBoACAASABEABIAVVVzZXJzL2FsZWtzL0RvY3VtZW50cy9QYXBlcnMvU2VsaW5nZXIgLSBEYWdnZXIgQ29tcGFjdCBDbG9zZWQgQ2F0ZWdvcmllcyBhbmQgMjAwNy5wZGYAABMAAS8AABUAAgAM//8AAIAF0hwdHh9YJGNsYXNzZXNaJGNsYXNzbmFtZaMfICFdTlNNdXRhYmxlRGF0YVZOU0RhdGFYTlNPYmplY3RfEFUuLi8uLi8uLi8uLi9Eb2N1bWVudHMvUGFwZXJzL1NlbGluZ2VyIC0gRGFnZ2VyIENvbXBhY3QgQ2xvc2VkIENhdGVnb3JpZXMgYW5kIDIwMDcucGRm0hwdJCWiJSFcTlNEaWN0aW9uYXJ5EgABhqBfEA9OU0tleWVkQXJjaGl2ZXIACAARABYAHwAoADIANQA6ADwARQBLAFIAXQBlAGwAbwBxAHMAdgB4AHoAfACGAJMAmACgArwCvgLDAswC1wLbAukC8AL5A1EDVgNZA2YDawAAAAAAAAIBAAAAAAAAACgAAAAAAAAAAAAAAAAAAAN9},
  date-added = {2008-05-26 16:42:34 +0100},
  date-modified = {2009-04-14 14:27:05 +0100},
  local-url = {file://localhost/Users/aleks/Documents/Papers/Selinger%20-%20Dagger%20Compact%20Closed%20Categories%20and%202007.pdf},
  pmid = {16655251127078923958related:tq52IqhWI-cJ},
  rating = {0},
  read = {Yes},
  uri = {papers://B74F91BD-4A60-43B9-93E9-29920B73998F/Paper/p13}
}

@MISC{Vicary:2007p16,
  author = {Jamie Vicary},
  title = {A categorical framework for the quantum harmonic oscillator},
  howpublished = {arXiv:0706.0711v2 [quant-ph]},
  month = {Jun},
  year = {2007},
  abstract = { This paper describes how the structure of the state space of the
	quantum harmonic oscillator can be described by an adjunction of
	categories, that encodes the raising and lowering operators into
	a commutative comonoid. The formulation is an entirely general one
	in which Hilbert spaces play no special role. Generalised coherent
	states arise through the hom-set isomorphisms defining the adjunction,
	and we prove that they are eigenstates of the lowering operators.
	Surprisingly, generalised exponentials also emerge naturally in this
	setting, and we demonstrate that coherent states are produced by
	the exponential of a raising morphism acting on the zero-particle
	state. Finally, we examine all of these constructions in a suitable
	category of Hilbert spaces, and find that they reproduce the conventional
	mathematical structures. },
  bdsk-file-1 = {YnBsaXN0MDDUAQIDBAUIJidUJHRvcFgkb2JqZWN0c1gkdmVyc2lvblkkYXJjaGl2ZXLRBgdUcm9vdIABqAkKFRYXGyIjVSRudWxs0wsMDQ4RFFpOUy5vYmplY3RzV05TLmtleXNWJGNsYXNzog8QgASABqISE4ACgAOAB1lhbGlhc0RhdGFccmVsYXRpdmVQYXRo0hgNGRpXTlMuZGF0YU8RAgIAAAAAAgIAAgAADE1hY2ludG9zaCBIRAAAAAAAAAAAAAAAAAAAAMNHOoZIKwAAADKz7x9WaWNhcnkgLSBBIGNhdGVnb3JpYyM1QTU3MzYucGRmAAAAAAAAAAAAAAAAAAAAAAAAAAAAAAAAAAAAAAAAAAAAWlc2xgvjxwAAAAAAAAAAAAQAAwAACSAAAAAAAAAAAAAAAAAAAAAGUGFwZXJzABAACAAAw0csdgAAABEACAAAxgvVtwAAAAEAEAAys+8AC/obAAv6BAAAeWcAAgBJTWFjaW50b3NoIEhEOlVzZXJzOmFsZWtzOkRvY3VtZW50czpQYXBlcnM6VmljYXJ5IC0gQSBjYXRlZ29yaWMjNUE1NzM2LnBkZgAADgBkADEAVgBpAGMAYQByAHkAIAAtACAAQQAgAGMAYQB0AGUAZwBvAHIAaQBjAGEAbAAgAGYAcgBhAG0AZQB3AG8AcgBrACAAZgBvAHIAIAB0AGgAZQAgADIAMAAwADcALgBwAGQAZgAPABoADABNAGEAYwBpAG4AdABvAHMAaAAgAEgARAASAE5Vc2Vycy9hbGVrcy9Eb2N1bWVudHMvUGFwZXJzL1ZpY2FyeSAtIEEgY2F0ZWdvcmljYWwgZnJhbWV3b3JrIGZvciB0aGUgMjAwNy5wZGYAEwABLwAAFQACAAz//wAAgAXSHB0eH1gkY2xhc3Nlc1okY2xhc3NuYW1lox8gIV1OU011dGFibGVEYXRhVk5TRGF0YVhOU09iamVjdF8QTi4uLy4uLy4uLy4uL0RvY3VtZW50cy9QYXBlcnMvVmljYXJ5IC0gQSBjYXRlZ29yaWNhbCBmcmFtZXdvcmsgZm9yIHRoZSAyMDA3LnBkZtIcHSQloiUhXE5TRGljdGlvbmFyeRIAAYagXxAPTlNLZXllZEFyY2hpdmVyAAgAEQAWAB8AKAAyADUAOgA8AEUASwBSAF0AZQBsAG8AcQBzAHYAeAB6AHwAhgCTAJgAoAKmAqgCrQK2AsECxQLTAtoC4wM0AzkDPANJA04AAAAAAAACAQAAAAAAAAAoAAAAAAAAAAAAAAAAAAADYA==},
  bdsk-url-1 = {http://arxiv.org/abs/0706.0711v2},
  date-added = {2008-05-26 16:45:55 +0100},
  date-modified = {2009-04-22 16:04:09 +0100},
  eprint = {0706.0711v2},
  keywords = {math.CT, math-ph, math.MP, quant-ph},
  local-url = {file://localhost/Users/aleks/Documents/Papers/Vicary%20-%20A%20categorical%20framework%20for%20the%202007.pdf},
  pmid = {0706.0711v2},
  rating = {0},
  uri = {papers://B74F91BD-4A60-43B9-93E9-29920B73998F/Paper/p16},
  url = {http://arxiv.org/abs/0706.0711v2}
}


@article{Selinger:TowardQPL:2003,
	Author = {Selinger, P.},
	Journal = {Mathematical Structures in Computer Science},
	Number = {4},
	Pages = {527-586},
	Title = {Towards a Quantum Programming Language},
	Volume = {14},
	Year = {2004}}


@article{JSV:TraMonCat:1996,
	Author = {Joyal, A. and Street, R. and Verity, D.},
	Journal = {Math. Proc. Camb. Phil. Soc.},
	Number = {3},
	Pages = {447-468},
	Title = {Traced Monoidal Categories},
	Volume = {119},
	Year = {1996}}


@article{Wootters1982A-single-quantu,
	Author = {Wootters, W. and Zurek, W.},
	Journal = {Nature},
	Pages = {802--803},
	Title = {A single quantum cannot be cloned},
	Volume = {299},
	Year = {1982}}


@article{Pati2000Impossibility-o,
	Author = {Pati, A.K. and Braunstein, S. L.},
	Journal = {Nature},
	Pages = {164-165},
	Title = {Impossibility of deleting an unknown quantum state},
	Volume = {404},
	Year = {2000}}


@incollection{Penrose1971Applications-of,
	Author = {Penrose, R.},
	Booktitle = {Combinatorial Mathematics and its Applications},
	Pages = {221-244},
	Publisher = {Academic Press},
	Title = {Applications of negative dimensional tensors},
	Year = {1971}}


@article{Girard:LinLog:1987,
	Author = {Girard, J.-Y.},
	Journal = {Theoretical Computer Science},
	Number = {1},
	Title = {Linear Logic},
	Volume = {50},
	Year = {1987}}


@phdthesis{Duncan:thesis:2006,
	Author = {Duncan, R},
	School = {Oxford University},
	Title = {Types for Quantum Computing},
	Year = {2006}}


@inproceedings{Duncan:2010aa,
	Author = {Duncan, R. and Perdrix, S.},
	Title = {Rewriting measurement-based quantum computations with generalised flow},
	Year = {2010}}


@inproceedings{Duncan:2009ph,
	Author = {Duncan, Ross and Perdrix, Simon},
	Booktitle = {Computability in Europe: Mathematical Theory and Computational Practice (CiE'09)},
	Editor = {Ambos-Spies, K. and L\"{o}we, B. and Merkle, W.},
	Pages = {167--177},
	Publisher = {Springer},
	Series = {Lecture Notes in Computer Science},
	Title = {Graph States and the necessity of Euler Decomposition},
	Volume = {5635},
	Year = {2009}}
