

@article{lanyon:250505,
author = {B. P. Lanyon and T. J. Weinhold and N. K. Langford and M. Barbieri and D. F. V. James and A. Gilchrist and A. G. White},
collaboration = {},
title = {Experimental Demonstration of a Compiled Version of Shor's Algorithm with Quantum Entanglement},
publisher = {APS},
year = {2007},
journal = {Physical Review Letters},
volume = {99},
number = {25},
eid = {250505},
numpages = {4},
pages = {250505},
url = {http://link.aps.org/abstract/PRL/v99/e250505},
doi = {10.1103/PhysRevLett.99.250505}
}
